%YAML 1.1
%TAG !u! tag:unity3d.com,2011:
--- !u!29 &1
SceneSettings:
  m_ObjectHideFlags: 0
  m_PVSData: 
  m_PVSObjectsArray: []
  m_PVSPortalsArray: []
  m_OcclusionBakeSettings:
    smallestOccluder: 5
    smallestHole: .25
    backfaceThreshold: 100
--- !u!104 &2
RenderSettings:
  m_Fog: 0
  m_FogColor: {r: .5, g: .5, b: .5, a: 1}
  m_FogMode: 3
  m_FogDensity: .00999999978
  m_LinearFogStart: 0
  m_LinearFogEnd: 300
  m_AmbientLight: {r: .200000003, g: .200000003, b: .200000003, a: 1}
  m_SkyboxMaterial: {fileID: 0}
  m_HaloStrength: .5
  m_FlareStrength: 1
  m_FlareFadeSpeed: 3
  m_HaloTexture: {fileID: 0}
  m_SpotCookie: {fileID: 0}
  m_ObjectHideFlags: 0
--- !u!127 &3
LevelGameManager:
  m_ObjectHideFlags: 0
--- !u!157 &4
LightmapSettings:
  m_ObjectHideFlags: 0
  m_LightProbes: {fileID: 0}
  m_Lightmaps: []
  m_LightmapsMode: 1
  m_BakedColorSpace: 0
  m_UseDualLightmapsInForward: 0
  m_LightmapEditorSettings:
    m_Resolution: 50
    m_LastUsedResolution: 0
    m_TextureWidth: 1024
    m_TextureHeight: 1024
    m_BounceBoost: 1
    m_BounceIntensity: 1
    m_SkyLightColor: {r: .860000014, g: .930000007, b: 1, a: 1}
    m_SkyLightIntensity: 0
    m_Quality: 0
    m_Bounces: 1
    m_FinalGatherRays: 1000
    m_FinalGatherContrastThreshold: .0500000007
    m_FinalGatherGradientThreshold: 0
    m_FinalGatherInterpolationPoints: 15
    m_AOAmount: 0
    m_AOMaxDistance: .100000001
    m_AOContrast: 1
    m_LODSurfaceMappingDistance: 1
    m_Padding: 0
    m_TextureCompression: 0
    m_LockAtlas: 0
--- !u!196 &5
NavMeshSettings:
  m_ObjectHideFlags: 0
  m_BuildSettings:
    agentRadius: .5
    agentHeight: 2
    agentSlope: 45
    agentClimb: .400000006
    ledgeDropHeight: 0
    maxJumpAcrossDistance: 0
    accuratePlacement: 0
    minRegionArea: 2
    widthInaccuracy: 16.666666
    heightInaccuracy: 10
  m_NavMesh: {fileID: 0}
--- !u!1001 &154766490
Prefab:
  m_ObjectHideFlags: 0
  serializedVersion: 2
  m_Modification:
    m_TransformParent: {fileID: 0}
    m_Modifications:
    - target: {fileID: 400002, guid: f98b4e709dd1bdd4bb1a030085ea073c, type: 2}
      propertyPath: m_LocalPosition.x
      value: -8.48751259
      objectReference: {fileID: 0}
    - target: {fileID: 400002, guid: f98b4e709dd1bdd4bb1a030085ea073c, type: 2}
      propertyPath: m_LocalPosition.y
      value: 8.22406769
      objectReference: {fileID: 0}
    - target: {fileID: 400002, guid: f98b4e709dd1bdd4bb1a030085ea073c, type: 2}
      propertyPath: m_LocalPosition.z
      value: 29.1683216
      objectReference: {fileID: 0}
    - target: {fileID: 400002, guid: f98b4e709dd1bdd4bb1a030085ea073c, type: 2}
      propertyPath: m_LocalRotation.x
      value: 0
      objectReference: {fileID: 0}
    - target: {fileID: 400002, guid: f98b4e709dd1bdd4bb1a030085ea073c, type: 2}
      propertyPath: m_LocalRotation.y
      value: .946590066
      objectReference: {fileID: 0}
    - target: {fileID: 400002, guid: f98b4e709dd1bdd4bb1a030085ea073c, type: 2}
      propertyPath: m_LocalRotation.z
      value: 0
      objectReference: {fileID: 0}
    - target: {fileID: 400002, guid: f98b4e709dd1bdd4bb1a030085ea073c, type: 2}
      propertyPath: m_LocalRotation.w
      value: .322439611
      objectReference: {fileID: 0}
    - target: {fileID: 11400000, guid: f98b4e709dd1bdd4bb1a030085ea073c, type: 2}
      propertyPath: guiText
      value: 
      objectReference: {fileID: 0}
    - target: {fileID: 100002, guid: f98b4e709dd1bdd4bb1a030085ea073c, type: 2}
      propertyPath: m_IsActive
      value: 1
      objectReference: {fileID: 0}
    - target: {fileID: 100002, guid: f98b4e709dd1bdd4bb1a030085ea073c, type: 2}
      propertyPath: m_TagString
      value: player4
      objectReference: {fileID: 0}
    - target: {fileID: 11400002, guid: f98b4e709dd1bdd4bb1a030085ea073c, type: 2}
      propertyPath: m_Enabled
      value: 0
      objectReference: {fileID: 0}
    - target: {fileID: 2000000, guid: f98b4e709dd1bdd4bb1a030085ea073c, type: 2}
      propertyPath: m_CullingMask.m_Bits
      value: 4294959615
      objectReference: {fileID: 0}
    - target: {fileID: 11400000, guid: f98b4e709dd1bdd4bb1a030085ea073c, type: 2}
      propertyPath: playerNumber
      value: 4
      objectReference: {fileID: 0}
    - target: {fileID: 100002, guid: f98b4e709dd1bdd4bb1a030085ea073c, type: 2}
      propertyPath: m_Name
      value: p4
      objectReference: {fileID: 0}
    m_RemovedComponents: []
  m_ParentPrefab: {fileID: 100100000, guid: f98b4e709dd1bdd4bb1a030085ea073c, type: 2}
  m_RootGameObject: {fileID: 156463632}
  m_IsPrefabParent: 0
  m_IsExploded: 1
--- !u!1 &156463632
GameObject:
  m_ObjectHideFlags: 0
  m_PrefabParentObject: {fileID: 100002, guid: f98b4e709dd1bdd4bb1a030085ea073c, type: 2}
  m_PrefabInternal: {fileID: 154766490}
  serializedVersion: 4
  m_Component:
  - 4: {fileID: 156463638}
  - 33: {fileID: 156463637}
  - 23: {fileID: 156463635}
  - 114: {fileID: 156463634}
  - 114: {fileID: 156463633}
  - 54: {fileID: 156463640}
  - 114: {fileID: 156463639}
  - 114: {fileID: 156463642}
  - 136: {fileID: 156463636}
  m_Layer: 0
  m_Name: p4
  m_TagString: player4
  m_Icon: {fileID: 0}
  m_NavMeshLayer: 0
  m_StaticEditorFlags: 0
  m_IsActive: 1
--- !u!114 &156463633
MonoBehaviour:
  m_ObjectHideFlags: 0
  m_PrefabParentObject: {fileID: 11400000, guid: f98b4e709dd1bdd4bb1a030085ea073c,
    type: 2}
  m_PrefabInternal: {fileID: 154766490}
  m_GameObject: {fileID: 156463632}
  m_Enabled: 1
  m_EditorHideFlags: 0
  m_Script: {fileID: 11500000, guid: 7d227bfb5b0bc7142ad958df72ee2457, type: 3}
  m_Name: 
  m_EditorClassIdentifier: 
  playerNumber: 4
  camera: {fileID: 640665677}
  bulletPrefab: {fileID: 100000, guid: e87d8f77aa353514cba131fcd4196bc9, type: 2}
--- !u!114 &156463634
MonoBehaviour:
  m_ObjectHideFlags: 0
  m_PrefabParentObject: {fileID: 11400002, guid: f98b4e709dd1bdd4bb1a030085ea073c,
    type: 2}
  m_PrefabInternal: {fileID: 154766490}
  m_GameObject: {fileID: 156463632}
  m_Enabled: 0
  m_EditorHideFlags: 0
  m_Script: {fileID: 11500000, guid: a398ce46132058d4a94538d497ec47e7, type: 3}
  m_Name: 
  m_EditorClassIdentifier: 
--- !u!23 &156463635
Renderer:
  m_ObjectHideFlags: 0
  m_PrefabParentObject: {fileID: 2300000, guid: f98b4e709dd1bdd4bb1a030085ea073c,
    type: 2}
  m_PrefabInternal: {fileID: 154766490}
  m_GameObject: {fileID: 156463632}
  m_Enabled: 1
  m_CastShadows: 1
  m_ReceiveShadows: 1
  m_LightmapIndex: 255
  m_LightmapTilingOffset: {x: 1, y: 1, z: 0, w: 0}
  m_Materials:
  - {fileID: 10302, guid: 0000000000000000f000000000000000, type: 0}
  m_SubsetIndices: 
  m_StaticBatchRoot: {fileID: 0}
  m_UseLightProbes: 0
  m_LightProbeAnchor: {fileID: 0}
  m_ScaleInLightmap: 1
  m_SortingLayer: 0
  m_SortingOrder: 0
  m_SortingLayerID: 0
--- !u!136 &156463636
CapsuleCollider:
  m_ObjectHideFlags: 0
  m_PrefabParentObject: {fileID: 13600000, guid: f98b4e709dd1bdd4bb1a030085ea073c,
    type: 2}
  m_PrefabInternal: {fileID: 154766490}
  m_GameObject: {fileID: 156463632}
  m_Material: {fileID: 0}
  m_IsTrigger: 0
  m_Enabled: 1
  m_Radius: 1.5
  m_Height: 8
  m_Direction: 1
  m_Center: {x: -1.66890335, y: -2.40157485, z: -1.90651226}
--- !u!33 &156463637
MeshFilter:
  m_ObjectHideFlags: 0
  m_PrefabParentObject: {fileID: 3300000, guid: f98b4e709dd1bdd4bb1a030085ea073c,
    type: 2}
  m_PrefabInternal: {fileID: 154766490}
  m_GameObject: {fileID: 156463632}
  m_Mesh: {fileID: 4300000, guid: 17bdb0aba0174a14f9597e41e55489ff, type: 3}
--- !u!4 &156463638
Transform:
  m_ObjectHideFlags: 0
  m_PrefabParentObject: {fileID: 400002, guid: f98b4e709dd1bdd4bb1a030085ea073c, type: 2}
  m_PrefabInternal: {fileID: 154766490}
  m_GameObject: {fileID: 156463632}
  m_LocalRotation: {x: 0, y: .946590066, z: 0, w: .322439611}
  m_LocalPosition: {x: -8.48751259, y: 8.22406769, z: 29.1683216}
  m_LocalScale: {x: 1, y: 1, z: 1}
  m_Children:
  - {fileID: 640665678}
  m_Father: {fileID: 0}
--- !u!114 &156463639
MonoBehaviour:
  m_ObjectHideFlags: 0
  m_PrefabParentObject: {fileID: 11400004, guid: f98b4e709dd1bdd4bb1a030085ea073c,
    type: 2}
  m_PrefabInternal: {fileID: 154766490}
  m_GameObject: {fileID: 156463632}
  m_Enabled: 1
  m_EditorHideFlags: 0
  m_Script: {fileID: 11500000, guid: b5ff7a40da944f249a4a0663b6aeebcf, type: 3}
  m_Name: 
  m_EditorClassIdentifier: 
  movementSpeed: 20
  rotationSpeed: 4
--- !u!54 &156463640
Rigidbody:
  m_ObjectHideFlags: 0
  m_PrefabParentObject: {fileID: 5400000, guid: f98b4e709dd1bdd4bb1a030085ea073c,
    type: 2}
  m_PrefabInternal: {fileID: 154766490}
  m_GameObject: {fileID: 156463632}
  serializedVersion: 2
  m_Mass: 1
  m_Drag: 1
  m_AngularDrag: 5
  m_UseGravity: 1
  m_IsKinematic: 0
  m_Interpolate: 0
  m_Constraints: 80
  m_CollisionDetection: 0
--- !u!114 &156463642
MonoBehaviour:
  m_ObjectHideFlags: 0
  m_PrefabParentObject: {fileID: 11400008, guid: f98b4e709dd1bdd4bb1a030085ea073c,
    type: 2}
  m_PrefabInternal: {fileID: 154766490}
  m_GameObject: {fileID: 156463632}
  m_Enabled: 1
  m_EditorHideFlags: 0
  m_Script: {fileID: 11500000, guid: 7a0fdc8e6ae4cec4f8caa91296edf65b, type: 3}
  m_Name: 
  m_EditorClassIdentifier: 
  score: 0
  image: {fileID: 2800000, guid: aa0c0127e82801b46b2db0cd9f7c2701, type: 3}
  background: {fileID: 2800000, guid: 80485777acde4b64e82d26ce6c84c4e2, type: 3}
--- !u!1 &186120897
GameObject:
  m_ObjectHideFlags: 0
  m_PrefabParentObject: {fileID: 100002, guid: f98b4e709dd1bdd4bb1a030085ea073c, type: 2}
  m_PrefabInternal: {fileID: 1541221840}
  serializedVersion: 4
  m_Component:
  - 4: {fileID: 186120898}
  - 33: {fileID: 186120903}
  - 23: {fileID: 186120901}
  - 114: {fileID: 186120900}
  - 114: {fileID: 186120899}
  - 54: {fileID: 186120905}
  - 114: {fileID: 186120904}
  - 114: {fileID: 186120907}
  - 136: {fileID: 186120902}
  m_Layer: 0
  m_Name: p3
  m_TagString: player3
  m_Icon: {fileID: 0}
  m_NavMeshLayer: 0
  m_StaticEditorFlags: 0
  m_IsActive: 1
--- !u!4 &186120898
Transform:
  m_ObjectHideFlags: 0
  m_PrefabParentObject: {fileID: 400002, guid: f98b4e709dd1bdd4bb1a030085ea073c, type: 2}
  m_PrefabInternal: {fileID: 1541221840}
  m_GameObject: {fileID: 186120897}
  m_LocalRotation: {x: 0, y: -.31101054, z: 0, w: .950406492}
  m_LocalPosition: {x: 15.3959799, y: 7.189888, z: -16.5213051}
  m_LocalScale: {x: 1, y: 1, z: 1}
  m_Children:
  - {fileID: 1280010852}
  m_Father: {fileID: 0}
--- !u!114 &186120899
MonoBehaviour:
  m_ObjectHideFlags: 0
  m_PrefabParentObject: {fileID: 11400000, guid: f98b4e709dd1bdd4bb1a030085ea073c,
    type: 2}
  m_PrefabInternal: {fileID: 1541221840}
  m_GameObject: {fileID: 186120897}
  m_Enabled: 1
  m_EditorHideFlags: 0
  m_Script: {fileID: 11500000, guid: 7d227bfb5b0bc7142ad958df72ee2457, type: 3}
  m_Name: 
  m_EditorClassIdentifier: 
  playerNumber: 3
  camera: {fileID: 1280010851}
  bulletPrefab: {fileID: 100000, guid: e87d8f77aa353514cba131fcd4196bc9, type: 2}
--- !u!114 &186120900
MonoBehaviour:
  m_ObjectHideFlags: 0
  m_PrefabParentObject: {fileID: 11400002, guid: f98b4e709dd1bdd4bb1a030085ea073c,
    type: 2}
  m_PrefabInternal: {fileID: 1541221840}
  m_GameObject: {fileID: 186120897}
  m_Enabled: 0
  m_EditorHideFlags: 0
  m_Script: {fileID: 11500000, guid: a398ce46132058d4a94538d497ec47e7, type: 3}
  m_Name: 
  m_EditorClassIdentifier: 
--- !u!23 &186120901
Renderer:
  m_ObjectHideFlags: 0
  m_PrefabParentObject: {fileID: 2300000, guid: f98b4e709dd1bdd4bb1a030085ea073c,
    type: 2}
  m_PrefabInternal: {fileID: 1541221840}
  m_GameObject: {fileID: 186120897}
  m_Enabled: 1
  m_CastShadows: 1
  m_ReceiveShadows: 1
  m_LightmapIndex: 255
  m_LightmapTilingOffset: {x: 1, y: 1, z: 0, w: 0}
  m_Materials:
  - {fileID: 10302, guid: 0000000000000000f000000000000000, type: 0}
  m_SubsetIndices: 
  m_StaticBatchRoot: {fileID: 0}
  m_UseLightProbes: 0
  m_LightProbeAnchor: {fileID: 0}
  m_ScaleInLightmap: 1
  m_SortingLayer: 0
  m_SortingOrder: 0
  m_SortingLayerID: 0
--- !u!136 &186120902
CapsuleCollider:
  m_ObjectHideFlags: 0
  m_PrefabParentObject: {fileID: 13600000, guid: f98b4e709dd1bdd4bb1a030085ea073c,
    type: 2}
  m_PrefabInternal: {fileID: 1541221840}
  m_GameObject: {fileID: 186120897}
  m_Material: {fileID: 0}
  m_IsTrigger: 0
  m_Enabled: 1
  m_Radius: 1.5
  m_Height: 8
  m_Direction: 1
  m_Center: {x: -1.66890335, y: -2.40157485, z: -1.90651226}
--- !u!33 &186120903
MeshFilter:
  m_ObjectHideFlags: 0
  m_PrefabParentObject: {fileID: 3300000, guid: f98b4e709dd1bdd4bb1a030085ea073c,
    type: 2}
  m_PrefabInternal: {fileID: 1541221840}
  m_GameObject: {fileID: 186120897}
  m_Mesh: {fileID: 4300000, guid: 17bdb0aba0174a14f9597e41e55489ff, type: 3}
--- !u!114 &186120904
MonoBehaviour:
  m_ObjectHideFlags: 0
  m_PrefabParentObject: {fileID: 11400004, guid: f98b4e709dd1bdd4bb1a030085ea073c,
    type: 2}
  m_PrefabInternal: {fileID: 1541221840}
  m_GameObject: {fileID: 186120897}
  m_Enabled: 1
  m_EditorHideFlags: 0
  m_Script: {fileID: 11500000, guid: b5ff7a40da944f249a4a0663b6aeebcf, type: 3}
  m_Name: 
  m_EditorClassIdentifier: 
  movementSpeed: 20
  rotationSpeed: 4
--- !u!54 &186120905
Rigidbody:
  m_ObjectHideFlags: 0
  m_PrefabParentObject: {fileID: 5400000, guid: f98b4e709dd1bdd4bb1a030085ea073c,
    type: 2}
  m_PrefabInternal: {fileID: 1541221840}
  m_GameObject: {fileID: 186120897}
  serializedVersion: 2
  m_Mass: 1
  m_Drag: 1
  m_AngularDrag: 5
  m_UseGravity: 1
  m_IsKinematic: 0
  m_Interpolate: 0
  m_Constraints: 80
  m_CollisionDetection: 0
--- !u!114 &186120907
MonoBehaviour:
  m_ObjectHideFlags: 0
  m_PrefabParentObject: {fileID: 11400008, guid: f98b4e709dd1bdd4bb1a030085ea073c,
    type: 2}
  m_PrefabInternal: {fileID: 1541221840}
  m_GameObject: {fileID: 186120897}
  m_Enabled: 1
  m_EditorHideFlags: 0
  m_Script: {fileID: 11500000, guid: 7a0fdc8e6ae4cec4f8caa91296edf65b, type: 3}
  m_Name: 
  m_EditorClassIdentifier: 
  score: 0
  image: {fileID: 2800000, guid: aa0c0127e82801b46b2db0cd9f7c2701, type: 3}
  background: {fileID: 2800000, guid: 80485777acde4b64e82d26ce6c84c4e2, type: 3}
--- !u!1 &320309390
GameObject:
  m_ObjectHideFlags: 0
  m_PrefabParentObject: {fileID: 100000, guid: f98b4e709dd1bdd4bb1a030085ea073c, type: 2}
  m_PrefabInternal: {fileID: 976941398}
  serializedVersion: 4
  m_Component:
  - 4: {fileID: 320309395}
  - 20: {fileID: 320309394}
  - 124: {fileID: 320309393}
  - 92: {fileID: 320309392}
  - 81: {fileID: 320309391}
  - 114: {fileID: 320309396}
  m_Layer: 0
  m_Name: Camera
  m_TagString: Untagged
  m_Icon: {fileID: 0}
  m_NavMeshLayer: 0
  m_StaticEditorFlags: 0
  m_IsActive: 1
--- !u!81 &320309391
AudioListener:
  m_ObjectHideFlags: 0
  m_PrefabParentObject: {fileID: 8100000, guid: f98b4e709dd1bdd4bb1a030085ea073c,
    type: 2}
  m_PrefabInternal: {fileID: 976941398}
  m_GameObject: {fileID: 320309390}
  m_Enabled: 0
--- !u!92 &320309392
Behaviour:
  m_ObjectHideFlags: 0
  m_PrefabParentObject: {fileID: 9200000, guid: f98b4e709dd1bdd4bb1a030085ea073c,
    type: 2}
  m_PrefabInternal: {fileID: 976941398}
  m_GameObject: {fileID: 320309390}
  m_Enabled: 1
--- !u!124 &320309393
Behaviour:
  m_ObjectHideFlags: 0
  m_PrefabParentObject: {fileID: 12400000, guid: f98b4e709dd1bdd4bb1a030085ea073c,
    type: 2}
  m_PrefabInternal: {fileID: 976941398}
  m_GameObject: {fileID: 320309390}
  m_Enabled: 1
--- !u!20 &320309394
Camera:
  m_ObjectHideFlags: 0
  m_PrefabParentObject: {fileID: 2000000, guid: f98b4e709dd1bdd4bb1a030085ea073c,
    type: 2}
  m_PrefabInternal: {fileID: 976941398}
  m_GameObject: {fileID: 320309390}
  m_Enabled: 1
  serializedVersion: 2
  m_ClearFlags: 1
  m_BackGroundColor: {r: .192156866, g: .301960796, b: .474509805, a: .0196078438}
  m_NormalizedViewPortRect:
    serializedVersion: 2
    x: 0
    y: .5
    width: .5
    height: .5
  near clip plane: .300000012
  far clip plane: 1000
  field of view: 60
  orthographic: 0
  orthographic size: 5
  m_Depth: 0
  m_CullingMask:
    serializedVersion: 2
    m_Bits: 4294959615
  m_RenderingPath: -1
  m_TargetTexture: {fileID: 0}
  m_HDR: 0
  m_OcclusionCulling: 1
--- !u!4 &320309395
Transform:
  m_ObjectHideFlags: 0
  m_PrefabParentObject: {fileID: 400000, guid: f98b4e709dd1bdd4bb1a030085ea073c, type: 2}
  m_PrefabInternal: {fileID: 976941398}
  m_GameObject: {fileID: 320309390}
  m_LocalRotation: {x: 0, y: 0, z: 0, w: 1}
  m_LocalPosition: {x: 0, y: 0, z: -.0955572128}
  m_LocalScale: {x: 1, y: 1, z: 1}
  m_Children: []
  m_Father: {fileID: 2127195132}
--- !u!114 &320309396
MonoBehaviour:
  m_ObjectHideFlags: 0
  m_PrefabParentObject: {fileID: 11400006, guid: f98b4e709dd1bdd4bb1a030085ea073c,
    type: 2}
  m_PrefabInternal: {fileID: 976941398}
  m_GameObject: {fileID: 320309390}
  m_Enabled: 0
  m_EditorHideFlags: 0
  m_Script: {fileID: 11500000, guid: 7a0fdc8e6ae4cec4f8caa91296edf65b, type: 3}
  m_Name: 
  m_EditorClassIdentifier: 
  score: 0
  image: {fileID: 2800000, guid: aa0c0127e82801b46b2db0cd9f7c2701, type: 3}
  background: {fileID: 2800000, guid: 80485777acde4b64e82d26ce6c84c4e2, type: 3}
--- !u!1 &404567792
GameObject:
  m_ObjectHideFlags: 0
  m_PrefabParentObject: {fileID: 0}
  m_PrefabInternal: {fileID: 0}
  serializedVersion: 4
  m_Component:
  - 4: {fileID: 404567796}
  - 33: {fileID: 404567795}
  - 65: {fileID: 404567794}
  - 23: {fileID: 404567793}
  m_Layer: 0
  m_Name: Cube
  m_TagString: Untagged
  m_Icon: {fileID: 0}
  m_NavMeshLayer: 0
  m_StaticEditorFlags: 0
  m_IsActive: 1
--- !u!23 &404567793
Renderer:
  m_ObjectHideFlags: 0
  m_PrefabParentObject: {fileID: 0}
  m_PrefabInternal: {fileID: 0}
  m_GameObject: {fileID: 404567792}
  m_Enabled: 1
  m_CastShadows: 1
  m_ReceiveShadows: 1
  m_LightmapIndex: 255
  m_LightmapTilingOffset: {x: 1, y: 1, z: 0, w: 0}
  m_Materials:
  - {fileID: 10302, guid: 0000000000000000f000000000000000, type: 0}
  m_SubsetIndices: 
  m_StaticBatchRoot: {fileID: 0}
  m_UseLightProbes: 0
  m_LightProbeAnchor: {fileID: 0}
  m_ScaleInLightmap: 1
  m_SortingLayer: 0
  m_SortingOrder: 0
  m_SortingLayerID: 0
--- !u!65 &404567794
BoxCollider:
  m_ObjectHideFlags: 0
  m_PrefabParentObject: {fileID: 0}
  m_PrefabInternal: {fileID: 0}
  m_GameObject: {fileID: 404567792}
  m_Material: {fileID: 0}
  m_IsTrigger: 0
  m_Enabled: 1
  serializedVersion: 2
  m_Size: {x: 1, y: 1, z: 1}
  m_Center: {x: 0, y: 0, z: 0}
--- !u!33 &404567795
MeshFilter:
  m_ObjectHideFlags: 0
  m_PrefabParentObject: {fileID: 0}
  m_PrefabInternal: {fileID: 0}
  m_GameObject: {fileID: 404567792}
  m_Mesh: {fileID: 10202, guid: 0000000000000000e000000000000000, type: 0}
--- !u!4 &404567796
Transform:
  m_ObjectHideFlags: 0
  m_PrefabParentObject: {fileID: 0}
  m_PrefabInternal: {fileID: 0}
  m_GameObject: {fileID: 404567792}
  m_LocalRotation: {x: 0, y: .00436330959, z: 0, w: .999990523}
  m_LocalPosition: {x: .225695372, y: 11.8279037, z: .285447091}
  m_LocalScale: {x: .03125, y: 28, z: .03125}
  m_Children: []
  m_Father: {fileID: 450493379}
--- !u!1 &450493375
GameObject:
  m_ObjectHideFlags: 0
  m_PrefabParentObject: {fileID: 0}
  m_PrefabInternal: {fileID: 0}
  serializedVersion: 4
  m_Component:
  - 4: {fileID: 450493379}
  - 33: {fileID: 450493378}
  - 65: {fileID: 450493377}
  - 23: {fileID: 450493376}
  m_Layer: 0
  m_Name: Ground
  m_TagString: Untagged
  m_Icon: {fileID: 0}
  m_NavMeshLayer: 0
  m_StaticEditorFlags: 0
  m_IsActive: 1
--- !u!23 &450493376
Renderer:
  m_ObjectHideFlags: 0
  m_PrefabParentObject: {fileID: 0}
  m_PrefabInternal: {fileID: 0}
  m_GameObject: {fileID: 450493375}
  m_Enabled: 1
  m_CastShadows: 1
  m_ReceiveShadows: 1
  m_LightmapIndex: 255
  m_LightmapTilingOffset: {x: 1, y: 1, z: 0, w: 0}
  m_Materials:
  - {fileID: 2100000, guid: 31f973dd88658bb449c76325e4f8ee4b, type: 2}
  m_SubsetIndices: 
  m_StaticBatchRoot: {fileID: 0}
  m_UseLightProbes: 0
  m_LightProbeAnchor: {fileID: 0}
  m_ScaleInLightmap: 1
  m_SortingLayer: 0
  m_SortingOrder: 0
  m_SortingLayerID: 0
--- !u!65 &450493377
BoxCollider:
  m_ObjectHideFlags: 0
  m_PrefabParentObject: {fileID: 0}
  m_PrefabInternal: {fileID: 0}
  m_GameObject: {fileID: 450493375}
  m_Material: {fileID: 0}
  m_IsTrigger: 0
  m_Enabled: 1
  serializedVersion: 2
  m_Size: {x: 1, y: 1, z: 1}
  m_Center: {x: 0, y: 0, z: 0}
--- !u!33 &450493378
MeshFilter:
  m_ObjectHideFlags: 0
  m_PrefabParentObject: {fileID: 0}
  m_PrefabInternal: {fileID: 0}
  m_GameObject: {fileID: 450493375}
  m_Mesh: {fileID: 10202, guid: 0000000000000000e000000000000000, type: 0}
--- !u!4 &450493379
Transform:
  m_ObjectHideFlags: 0
  m_PrefabParentObject: {fileID: 0}
  m_PrefabInternal: {fileID: 0}
  m_GameObject: {fileID: 450493375}
  m_LocalRotation: {x: 0, y: -.00436330959, z: 0, w: .999990523}
  m_LocalPosition: {x: 0, y: 0, z: 0}
  m_LocalScale: {x: 128, y: 1, z: 128}
  m_Children:
  - {fileID: 404567796}
  - {fileID: 1061490485}
  - {fileID: 1271562590}
  - {fileID: 2090632918}
  - {fileID: 1124897299}
  - {fileID: 1306342422}
  m_Father: {fileID: 0}
--- !u!1 &640665676
GameObject:
  m_ObjectHideFlags: 0
  m_PrefabParentObject: {fileID: 100000, guid: f98b4e709dd1bdd4bb1a030085ea073c, type: 2}
  m_PrefabInternal: {fileID: 154766490}
  serializedVersion: 4
  m_Component:
  - 4: {fileID: 640665678}
  - 20: {fileID: 640665677}
  - 124: {fileID: 640665681}
  - 92: {fileID: 640665680}
  - 81: {fileID: 640665679}
  - 114: {fileID: 640665682}
  m_Layer: 0
  m_Name: Camera
  m_TagString: Untagged
  m_Icon: {fileID: 0}
  m_NavMeshLayer: 0
  m_StaticEditorFlags: 0
  m_IsActive: 1
--- !u!20 &640665677
Camera:
  m_ObjectHideFlags: 0
  m_PrefabParentObject: {fileID: 2000000, guid: f98b4e709dd1bdd4bb1a030085ea073c,
    type: 2}
  m_PrefabInternal: {fileID: 154766490}
  m_GameObject: {fileID: 640665676}
  m_Enabled: 1
  serializedVersion: 2
  m_ClearFlags: 1
  m_BackGroundColor: {r: .192156866, g: .301960796, b: .474509805, a: .0196078438}
  m_NormalizedViewPortRect:
    serializedVersion: 2
    x: 0
    y: .5
    width: .5
    height: .5
  near clip plane: .300000012
  far clip plane: 1000
  field of view: 60
  orthographic: 0
  orthographic size: 5
  m_Depth: 0
  m_CullingMask:
    serializedVersion: 2
    m_Bits: 4294959615
  m_RenderingPath: -1
  m_TargetTexture: {fileID: 0}
  m_HDR: 0
  m_OcclusionCulling: 1
--- !u!4 &640665678
Transform:
  m_ObjectHideFlags: 0
  m_PrefabParentObject: {fileID: 400000, guid: f98b4e709dd1bdd4bb1a030085ea073c, type: 2}
  m_PrefabInternal: {fileID: 154766490}
  m_GameObject: {fileID: 640665676}
  m_LocalRotation: {x: 0, y: 0, z: 0, w: 1}
  m_LocalPosition: {x: 0, y: 0, z: -.0955572128}
  m_LocalScale: {x: 1, y: 1, z: 1}
  m_Children: []
  m_Father: {fileID: 156463638}
--- !u!81 &640665679
AudioListener:
  m_ObjectHideFlags: 0
  m_PrefabParentObject: {fileID: 8100000, guid: f98b4e709dd1bdd4bb1a030085ea073c,
    type: 2}
  m_PrefabInternal: {fileID: 154766490}
  m_GameObject: {fileID: 640665676}
  m_Enabled: 0
--- !u!92 &640665680
Behaviour:
  m_ObjectHideFlags: 0
  m_PrefabParentObject: {fileID: 9200000, guid: f98b4e709dd1bdd4bb1a030085ea073c,
    type: 2}
  m_PrefabInternal: {fileID: 154766490}
  m_GameObject: {fileID: 640665676}
  m_Enabled: 1
--- !u!124 &640665681
Behaviour:
  m_ObjectHideFlags: 0
  m_PrefabParentObject: {fileID: 12400000, guid: f98b4e709dd1bdd4bb1a030085ea073c,
    type: 2}
  m_PrefabInternal: {fileID: 154766490}
  m_GameObject: {fileID: 640665676}
  m_Enabled: 1
--- !u!114 &640665682
MonoBehaviour:
  m_ObjectHideFlags: 0
  m_PrefabParentObject: {fileID: 11400006, guid: f98b4e709dd1bdd4bb1a030085ea073c,
    type: 2}
  m_PrefabInternal: {fileID: 154766490}
  m_GameObject: {fileID: 640665676}
  m_Enabled: 0
  m_EditorHideFlags: 0
  m_Script: {fileID: 11500000, guid: 7a0fdc8e6ae4cec4f8caa91296edf65b, type: 3}
  m_Name: 
  m_EditorClassIdentifier: 
  score: 0
  image: {fileID: 2800000, guid: aa0c0127e82801b46b2db0cd9f7c2701, type: 3}
  background: {fileID: 2800000, guid: 80485777acde4b64e82d26ce6c84c4e2, type: 3}
--- !u!1 &784598342
GameObject:
  m_ObjectHideFlags: 0
  m_PrefabParentObject: {fileID: 0}
  m_PrefabInternal: {fileID: 0}
  serializedVersion: 4
  m_Component:
  - 4: {fileID: 784598346}
  - 33: {fileID: 784598345}
  - 135: {fileID: 784598344}
  - 23: {fileID: 784598343}
  m_Layer: 0
  m_Name: Sphere
  m_TagString: Untagged
  m_Icon: {fileID: 0}
  m_NavMeshLayer: 0
  m_StaticEditorFlags: 0
  m_IsActive: 1
--- !u!23 &784598343
Renderer:
  m_ObjectHideFlags: 0
  m_PrefabParentObject: {fileID: 0}
  m_PrefabInternal: {fileID: 0}
  m_GameObject: {fileID: 784598342}
  m_Enabled: 1
  m_CastShadows: 1
  m_ReceiveShadows: 1
  m_LightmapIndex: 255
  m_LightmapTilingOffset: {x: 1, y: 1, z: 0, w: 0}
  m_Materials:
  - {fileID: 10302, guid: 0000000000000000f000000000000000, type: 0}
  m_SubsetIndices: 
  m_StaticBatchRoot: {fileID: 0}
  m_UseLightProbes: 0
  m_LightProbeAnchor: {fileID: 0}
  m_ScaleInLightmap: 1
  m_SortingLayer: 0
  m_SortingOrder: 0
  m_SortingLayerID: 0
--- !u!135 &784598344
SphereCollider:
  m_ObjectHideFlags: 0
  m_PrefabParentObject: {fileID: 0}
  m_PrefabInternal: {fileID: 0}
  m_GameObject: {fileID: 784598342}
  m_Material: {fileID: 0}
  m_IsTrigger: 0
  m_Enabled: 1
  serializedVersion: 2
  m_Radius: .5
  m_Center: {x: 0, y: 0, z: 0}
--- !u!33 &784598345
MeshFilter:
  m_ObjectHideFlags: 0
  m_PrefabParentObject: {fileID: 0}
  m_PrefabInternal: {fileID: 0}
  m_GameObject: {fileID: 784598342}
  m_Mesh: {fileID: 10207, guid: 0000000000000000e000000000000000, type: 0}
--- !u!4 &784598346
Transform:
  m_ObjectHideFlags: 0
  m_PrefabParentObject: {fileID: 0}
  m_PrefabInternal: {fileID: 0}
  m_GameObject: {fileID: 784598342}
  m_LocalRotation: {x: 0, y: 0, z: 0, w: 1}
  m_LocalPosition: {x: -16.7001247, y: 0, z: 24.9863167}
  m_LocalScale: {x: 10, y: 10, z: 10}
  m_Children: []
  m_Father: {fileID: 0}
--- !u!1001 &865513771
Prefab:
  m_ObjectHideFlags: 0
  serializedVersion: 2
  m_Modification:
    m_TransformParent: {fileID: 0}
    m_Modifications:
    - target: {fileID: 400002, guid: f98b4e709dd1bdd4bb1a030085ea073c, type: 2}
      propertyPath: m_LocalPosition.x
      value: -18.5177822
      objectReference: {fileID: 0}
    - target: {fileID: 400002, guid: f98b4e709dd1bdd4bb1a030085ea073c, type: 2}
      propertyPath: m_LocalPosition.y
      value: 7.189888
      objectReference: {fileID: 0}
    - target: {fileID: 400002, guid: f98b4e709dd1bdd4bb1a030085ea073c, type: 2}
      propertyPath: m_LocalPosition.z
      value: -3.60526466
      objectReference: {fileID: 0}
    - target: {fileID: 400002, guid: f98b4e709dd1bdd4bb1a030085ea073c, type: 2}
      propertyPath: m_LocalRotation.x
      value: 0
      objectReference: {fileID: 0}
    - target: {fileID: 400002, guid: f98b4e709dd1bdd4bb1a030085ea073c, type: 2}
      propertyPath: m_LocalRotation.y
      value: .488536894
      objectReference: {fileID: 0}
    - target: {fileID: 400002, guid: f98b4e709dd1bdd4bb1a030085ea073c, type: 2}
      propertyPath: m_LocalRotation.z
      value: 0
      objectReference: {fileID: 0}
    - target: {fileID: 400002, guid: f98b4e709dd1bdd4bb1a030085ea073c, type: 2}
      propertyPath: m_LocalRotation.w
      value: .872543275
      objectReference: {fileID: 0}
    - target: {fileID: 11400000, guid: f98b4e709dd1bdd4bb1a030085ea073c, type: 2}
      propertyPath: guiText
      value: 
      objectReference: {fileID: 0}
    - target: {fileID: 100002, guid: f98b4e709dd1bdd4bb1a030085ea073c, type: 2}
      propertyPath: m_IsActive
      value: 1
      objectReference: {fileID: 0}
    - target: {fileID: 100002, guid: f98b4e709dd1bdd4bb1a030085ea073c, type: 2}
      propertyPath: m_TagString
      value: player1
      objectReference: {fileID: 0}
    - target: {fileID: 11400002, guid: f98b4e709dd1bdd4bb1a030085ea073c, type: 2}
      propertyPath: m_Enabled
      value: 0
      objectReference: {fileID: 0}
    - target: {fileID: 2000000, guid: f98b4e709dd1bdd4bb1a030085ea073c, type: 2}
      propertyPath: m_CullingMask.m_Bits
      value: 4294959615
      objectReference: {fileID: 0}
    - target: {fileID: 11400000, guid: f98b4e709dd1bdd4bb1a030085ea073c, type: 2}
      propertyPath: playerNumber
      value: 1
      objectReference: {fileID: 0}
    - target: {fileID: 100002, guid: f98b4e709dd1bdd4bb1a030085ea073c, type: 2}
      propertyPath: m_Name
      value: p1
      objectReference: {fileID: 0}
    - target: {fileID: 13600000, guid: f98b4e709dd1bdd4bb1a030085ea073c, type: 2}
      propertyPath: m_Height
      value: 8
      objectReference: {fileID: 0}
    - target: {fileID: 13600000, guid: f98b4e709dd1bdd4bb1a030085ea073c, type: 2}
      propertyPath: m_Radius
      value: 1.5
      objectReference: {fileID: 0}
    m_RemovedComponents: []
  m_ParentPrefab: {fileID: 100100000, guid: f98b4e709dd1bdd4bb1a030085ea073c, type: 2}
  m_RootGameObject: {fileID: 926659831}
  m_IsPrefabParent: 0
  m_IsExploded: 1
--- !u!1001 &902248570
Prefab:
  m_ObjectHideFlags: 0
  serializedVersion: 2
  m_Modification:
    m_TransformParent: {fileID: 0}
    m_Modifications:
    - target: {fileID: 400000, guid: e55685d1d1fcb104e8b1b96d6280eb5f, type: 2}
      propertyPath: m_LocalPosition.x
      value: -10.5919762
      objectReference: {fileID: 0}
    - target: {fileID: 400000, guid: e55685d1d1fcb104e8b1b96d6280eb5f, type: 2}
      propertyPath: m_LocalPosition.y
      value: .5
      objectReference: {fileID: 0}
    - target: {fileID: 400000, guid: e55685d1d1fcb104e8b1b96d6280eb5f, type: 2}
      propertyPath: m_LocalPosition.z
      value: 7.66268635
      objectReference: {fileID: 0}
    - target: {fileID: 400000, guid: e55685d1d1fcb104e8b1b96d6280eb5f, type: 2}
      propertyPath: m_LocalRotation.x
      value: 0
      objectReference: {fileID: 0}
    - target: {fileID: 400000, guid: e55685d1d1fcb104e8b1b96d6280eb5f, type: 2}
      propertyPath: m_LocalRotation.y
      value: 0
      objectReference: {fileID: 0}
    - target: {fileID: 400000, guid: e55685d1d1fcb104e8b1b96d6280eb5f, type: 2}
      propertyPath: m_LocalRotation.z
      value: 0
      objectReference: {fileID: 0}
    - target: {fileID: 400000, guid: e55685d1d1fcb104e8b1b96d6280eb5f, type: 2}
      propertyPath: m_LocalRotation.w
      value: 1
      objectReference: {fileID: 0}
    m_RemovedComponents: []
  m_ParentPrefab: {fileID: 100100000, guid: e55685d1d1fcb104e8b1b96d6280eb5f, type: 2}
  m_RootGameObject: {fileID: 1322084705}
  m_IsPrefabParent: 0
  m_IsExploded: 1
--- !u!1 &926659831
GameObject:
  m_ObjectHideFlags: 0
  m_PrefabParentObject: {fileID: 100002, guid: f98b4e709dd1bdd4bb1a030085ea073c, type: 2}
  m_PrefabInternal: {fileID: 865513771}
  serializedVersion: 4
  m_Component:
  - 4: {fileID: 926659832}
  - 33: {fileID: 926659836}
  - 23: {fileID: 926659834}
  - 114: {fileID: 926659833}
  - 114: {fileID: 926659837}
  - 54: {fileID: 926659839}
  - 114: {fileID: 926659838}
  - 114: {fileID: 926659841}
  - 136: {fileID: 926659835}
  m_Layer: 0
  m_Name: p1
  m_TagString: player1
  m_Icon: {fileID: 0}
  m_NavMeshLayer: 0
  m_StaticEditorFlags: 0
  m_IsActive: 1
--- !u!4 &926659832
Transform:
  m_ObjectHideFlags: 0
  m_PrefabParentObject: {fileID: 400002, guid: f98b4e709dd1bdd4bb1a030085ea073c, type: 2}
  m_PrefabInternal: {fileID: 865513771}
  m_GameObject: {fileID: 926659831}
  m_LocalRotation: {x: 0, y: .488536894, z: 0, w: .872543275}
  m_LocalPosition: {x: -18.5177822, y: 7.189888, z: -3.60526466}
  m_LocalScale: {x: 1, y: 1, z: 1}
  m_Children:
  - {fileID: 988504191}
  m_Father: {fileID: 0}
--- !u!114 &926659833
MonoBehaviour:
  m_ObjectHideFlags: 0
  m_PrefabParentObject: {fileID: 11400002, guid: f98b4e709dd1bdd4bb1a030085ea073c,
    type: 2}
  m_PrefabInternal: {fileID: 865513771}
  m_GameObject: {fileID: 926659831}
  m_Enabled: 0
  m_EditorHideFlags: 0
  m_Script: {fileID: 11500000, guid: a398ce46132058d4a94538d497ec47e7, type: 3}
  m_Name: 
  m_EditorClassIdentifier: 
--- !u!23 &926659834
Renderer:
  m_ObjectHideFlags: 0
  m_PrefabParentObject: {fileID: 2300000, guid: f98b4e709dd1bdd4bb1a030085ea073c,
    type: 2}
  m_PrefabInternal: {fileID: 865513771}
  m_GameObject: {fileID: 926659831}
  m_Enabled: 1
  m_CastShadows: 1
  m_ReceiveShadows: 1
  m_LightmapIndex: 255
  m_LightmapTilingOffset: {x: 1, y: 1, z: 0, w: 0}
  m_Materials:
  - {fileID: 10302, guid: 0000000000000000f000000000000000, type: 0}
  m_SubsetIndices: 
  m_StaticBatchRoot: {fileID: 0}
  m_UseLightProbes: 0
  m_LightProbeAnchor: {fileID: 0}
  m_ScaleInLightmap: 1
  m_SortingLayer: 0
  m_SortingOrder: 0
  m_SortingLayerID: 0
--- !u!136 &926659835
CapsuleCollider:
  m_ObjectHideFlags: 0
  m_PrefabParentObject: {fileID: 13600000, guid: f98b4e709dd1bdd4bb1a030085ea073c,
    type: 2}
  m_PrefabInternal: {fileID: 865513771}
  m_GameObject: {fileID: 926659831}
  m_Material: {fileID: 0}
  m_IsTrigger: 0
  m_Enabled: 1
  m_Radius: 1.5
  m_Height: 8
  m_Direction: 1
  m_Center: {x: -1.66890335, y: -2.40157485, z: -1.90651226}
--- !u!33 &926659836
MeshFilter:
  m_ObjectHideFlags: 0
  m_PrefabParentObject: {fileID: 3300000, guid: f98b4e709dd1bdd4bb1a030085ea073c,
    type: 2}
  m_PrefabInternal: {fileID: 865513771}
  m_GameObject: {fileID: 926659831}
  m_Mesh: {fileID: 4300000, guid: 17bdb0aba0174a14f9597e41e55489ff, type: 3}
--- !u!114 &926659837
MonoBehaviour:
  m_ObjectHideFlags: 0
  m_PrefabParentObject: {fileID: 11400000, guid: f98b4e709dd1bdd4bb1a030085ea073c,
    type: 2}
  m_PrefabInternal: {fileID: 865513771}
  m_GameObject: {fileID: 926659831}
  m_Enabled: 1
  m_EditorHideFlags: 0
  m_Script: {fileID: 11500000, guid: 7d227bfb5b0bc7142ad958df72ee2457, type: 3}
  m_Name: 
  m_EditorClassIdentifier: 
  playerNumber: 1
  camera: {fileID: 988504190}
  bulletPrefab: {fileID: 100000, guid: e87d8f77aa353514cba131fcd4196bc9, type: 2}
--- !u!114 &926659838
MonoBehaviour:
  m_ObjectHideFlags: 0
  m_PrefabParentObject: {fileID: 11400004, guid: f98b4e709dd1bdd4bb1a030085ea073c,
    type: 2}
  m_PrefabInternal: {fileID: 865513771}
  m_GameObject: {fileID: 926659831}
  m_Enabled: 1
  m_EditorHideFlags: 0
  m_Script: {fileID: 11500000, guid: b5ff7a40da944f249a4a0663b6aeebcf, type: 3}
  m_Name: 
  m_EditorClassIdentifier: 
  movementSpeed: 20
  rotationSpeed: 4
--- !u!54 &926659839
Rigidbody:
  m_ObjectHideFlags: 0
  m_PrefabParentObject: {fileID: 5400000, guid: f98b4e709dd1bdd4bb1a030085ea073c,
    type: 2}
  m_PrefabInternal: {fileID: 865513771}
  m_GameObject: {fileID: 926659831}
  serializedVersion: 2
  m_Mass: 1
  m_Drag: 1
  m_AngularDrag: 5
  m_UseGravity: 1
  m_IsKinematic: 0
  m_Interpolate: 0
  m_Constraints: 80
  m_CollisionDetection: 0
--- !u!114 &926659841
MonoBehaviour:
  m_ObjectHideFlags: 0
  m_PrefabParentObject: {fileID: 11400008, guid: f98b4e709dd1bdd4bb1a030085ea073c,
    type: 2}
  m_PrefabInternal: {fileID: 865513771}
  m_GameObject: {fileID: 926659831}
  m_Enabled: 1
  m_EditorHideFlags: 0
  m_Script: {fileID: 11500000, guid: 7a0fdc8e6ae4cec4f8caa91296edf65b, type: 3}
  m_Name: 
  m_EditorClassIdentifier: 
  score: 0
  image: {fileID: 2800000, guid: aa0c0127e82801b46b2db0cd9f7c2701, type: 3}
  background: {fileID: 2800000, guid: 80485777acde4b64e82d26ce6c84c4e2, type: 3}
--- !u!1001 &976941398
Prefab:
  m_ObjectHideFlags: 0
  serializedVersion: 2
  m_Modification:
    m_TransformParent: {fileID: 0}
    m_Modifications:
    - target: {fileID: 400002, guid: f98b4e709dd1bdd4bb1a030085ea073c, type: 2}
      propertyPath: m_LocalPosition.x
      value: 8.41332245
      objectReference: {fileID: 0}
    - target: {fileID: 400002, guid: f98b4e709dd1bdd4bb1a030085ea073c, type: 2}
      propertyPath: m_LocalPosition.y
      value: 7.189888
      objectReference: {fileID: 0}
    - target: {fileID: 400002, guid: f98b4e709dd1bdd4bb1a030085ea073c, type: 2}
      propertyPath: m_LocalPosition.z
      value: 18.0123844
      objectReference: {fileID: 0}
    - target: {fileID: 400002, guid: f98b4e709dd1bdd4bb1a030085ea073c, type: 2}
      propertyPath: m_LocalRotation.x
      value: 0
      objectReference: {fileID: 0}
    - target: {fileID: 400002, guid: f98b4e709dd1bdd4bb1a030085ea073c, type: 2}
      propertyPath: m_LocalRotation.y
      value: -.885493338
      objectReference: {fileID: 0}
    - target: {fileID: 400002, guid: f98b4e709dd1bdd4bb1a030085ea073c, type: 2}
      propertyPath: m_LocalRotation.z
      value: 0
      objectReference: {fileID: 0}
    - target: {fileID: 400002, guid: f98b4e709dd1bdd4bb1a030085ea073c, type: 2}
      propertyPath: m_LocalRotation.w
      value: .464652091
      objectReference: {fileID: 0}
    - target: {fileID: 11400000, guid: f98b4e709dd1bdd4bb1a030085ea073c, type: 2}
      propertyPath: guiText
      value: 
      objectReference: {fileID: 0}
    - target: {fileID: 100002, guid: f98b4e709dd1bdd4bb1a030085ea073c, type: 2}
      propertyPath: m_IsActive
      value: 1
      objectReference: {fileID: 0}
    - target: {fileID: 100002, guid: f98b4e709dd1bdd4bb1a030085ea073c, type: 2}
      propertyPath: m_TagString
      value: player2
      objectReference: {fileID: 0}
    - target: {fileID: 11400002, guid: f98b4e709dd1bdd4bb1a030085ea073c, type: 2}
      propertyPath: m_Enabled
      value: 0
      objectReference: {fileID: 0}
    - target: {fileID: 2000000, guid: f98b4e709dd1bdd4bb1a030085ea073c, type: 2}
      propertyPath: m_CullingMask.m_Bits
      value: 4294959615
      objectReference: {fileID: 0}
    - target: {fileID: 11400000, guid: f98b4e709dd1bdd4bb1a030085ea073c, type: 2}
      propertyPath: playerNumber
      value: 2
      objectReference: {fileID: 0}
    - target: {fileID: 100002, guid: f98b4e709dd1bdd4bb1a030085ea073c, type: 2}
      propertyPath: m_Name
      value: p2
      objectReference: {fileID: 0}
    m_RemovedComponents: []
  m_ParentPrefab: {fileID: 100100000, guid: f98b4e709dd1bdd4bb1a030085ea073c, type: 2}
  m_RootGameObject: {fileID: 2127195131}
  m_IsPrefabParent: 0
  m_IsExploded: 1
--- !u!1 &988504186
GameObject:
  m_ObjectHideFlags: 0
  m_PrefabParentObject: {fileID: 100000, guid: f98b4e709dd1bdd4bb1a030085ea073c, type: 2}
  m_PrefabInternal: {fileID: 865513771}
  serializedVersion: 4
  m_Component:
  - 4: {fileID: 988504191}
  - 20: {fileID: 988504190}
  - 124: {fileID: 988504189}
  - 92: {fileID: 988504188}
  - 81: {fileID: 988504187}
  - 114: {fileID: 988504192}
  m_Layer: 0
  m_Name: Camera
  m_TagString: Untagged
  m_Icon: {fileID: 0}
  m_NavMeshLayer: 0
  m_StaticEditorFlags: 0
  m_IsActive: 1
--- !u!81 &988504187
AudioListener:
  m_ObjectHideFlags: 0
  m_PrefabParentObject: {fileID: 8100000, guid: f98b4e709dd1bdd4bb1a030085ea073c,
    type: 2}
  m_PrefabInternal: {fileID: 865513771}
  m_GameObject: {fileID: 988504186}
  m_Enabled: 0
--- !u!92 &988504188
Behaviour:
  m_ObjectHideFlags: 0
  m_PrefabParentObject: {fileID: 9200000, guid: f98b4e709dd1bdd4bb1a030085ea073c,
    type: 2}
  m_PrefabInternal: {fileID: 865513771}
  m_GameObject: {fileID: 988504186}
  m_Enabled: 1
--- !u!124 &988504189
Behaviour:
  m_ObjectHideFlags: 0
  m_PrefabParentObject: {fileID: 12400000, guid: f98b4e709dd1bdd4bb1a030085ea073c,
    type: 2}
  m_PrefabInternal: {fileID: 865513771}
  m_GameObject: {fileID: 988504186}
  m_Enabled: 1
--- !u!20 &988504190
Camera:
  m_ObjectHideFlags: 0
  m_PrefabParentObject: {fileID: 2000000, guid: f98b4e709dd1bdd4bb1a030085ea073c,
    type: 2}
  m_PrefabInternal: {fileID: 865513771}
  m_GameObject: {fileID: 988504186}
  m_Enabled: 1
  serializedVersion: 2
  m_ClearFlags: 1
  m_BackGroundColor: {r: .192156866, g: .301960796, b: .474509805, a: .0196078438}
  m_NormalizedViewPortRect:
    serializedVersion: 2
    x: 0
    y: .5
    width: .5
    height: .5
  near clip plane: .300000012
  far clip plane: 1000
  field of view: 60
  orthographic: 0
  orthographic size: 5
  m_Depth: 0
  m_CullingMask:
    serializedVersion: 2
    m_Bits: 4294959615
  m_RenderingPath: -1
  m_TargetTexture: {fileID: 0}
  m_HDR: 0
  m_OcclusionCulling: 1
--- !u!4 &988504191
Transform:
  m_ObjectHideFlags: 0
  m_PrefabParentObject: {fileID: 400000, guid: f98b4e709dd1bdd4bb1a030085ea073c, type: 2}
  m_PrefabInternal: {fileID: 865513771}
  m_GameObject: {fileID: 988504186}
  m_LocalRotation: {x: 0, y: 0, z: 0, w: 1}
  m_LocalPosition: {x: 0, y: 0, z: -.0955572128}
  m_LocalScale: {x: 1, y: 1, z: 1}
  m_Children: []
  m_Father: {fileID: 926659832}
--- !u!114 &988504192
MonoBehaviour:
  m_ObjectHideFlags: 0
  m_PrefabParentObject: {fileID: 11400006, guid: f98b4e709dd1bdd4bb1a030085ea073c,
    type: 2}
  m_PrefabInternal: {fileID: 865513771}
  m_GameObject: {fileID: 988504186}
  m_Enabled: 0
  m_EditorHideFlags: 0
  m_Script: {fileID: 11500000, guid: 7a0fdc8e6ae4cec4f8caa91296edf65b, type: 3}
  m_Name: 
  m_EditorClassIdentifier: 
  score: 0
  image: {fileID: 2800000, guid: aa0c0127e82801b46b2db0cd9f7c2701, type: 3}
  background: {fileID: 2800000, guid: 80485777acde4b64e82d26ce6c84c4e2, type: 3}
--- !u!1 &1061490481
GameObject:
  m_ObjectHideFlags: 0
  m_PrefabParentObject: {fileID: 0}
  m_PrefabInternal: {fileID: 0}
  serializedVersion: 4
  m_Component:
  - 4: {fileID: 1061490485}
  - 33: {fileID: 1061490484}
  - 65: {fileID: 1061490483}
  - 23: {fileID: 1061490482}
  m_Layer: 0
  m_Name: Cube
  m_TagString: Untagged
  m_Icon: {fileID: 0}
  m_NavMeshLayer: 0
  m_StaticEditorFlags: 0
  m_IsActive: 1
--- !u!23 &1061490482
Renderer:
  m_ObjectHideFlags: 0
  m_PrefabParentObject: {fileID: 0}
  m_PrefabInternal: {fileID: 0}
  m_GameObject: {fileID: 1061490481}
  m_Enabled: 1
  m_CastShadows: 1
  m_ReceiveShadows: 1
  m_LightmapIndex: 255
  m_LightmapTilingOffset: {x: 1, y: 1, z: 0, w: 0}
  m_Materials:
  - {fileID: 10302, guid: 0000000000000000f000000000000000, type: 0}
  m_SubsetIndices: 
  m_StaticBatchRoot: {fileID: 0}
  m_UseLightProbes: 0
  m_LightProbeAnchor: {fileID: 0}
  m_ScaleInLightmap: 1
  m_SortingLayer: 0
  m_SortingOrder: 0
  m_SortingLayerID: 0
--- !u!65 &1061490483
BoxCollider:
  m_ObjectHideFlags: 0
  m_PrefabParentObject: {fileID: 0}
  m_PrefabInternal: {fileID: 0}
  m_GameObject: {fileID: 1061490481}
  m_Material: {fileID: 0}
  m_IsTrigger: 0
  m_Enabled: 1
  serializedVersion: 2
  m_Size: {x: 1, y: 1, z: 1}
  m_Center: {x: 0, y: 0, z: 0}
--- !u!33 &1061490484
MeshFilter:
  m_ObjectHideFlags: 0
  m_PrefabParentObject: {fileID: 0}
  m_PrefabInternal: {fileID: 0}
  m_GameObject: {fileID: 1061490481}
  m_Mesh: {fileID: 10202, guid: 0000000000000000e000000000000000, type: 0}
--- !u!4 &1061490485
Transform:
  m_ObjectHideFlags: 0
  m_PrefabParentObject: {fileID: 0}
  m_PrefabInternal: {fileID: 0}
  m_GameObject: {fileID: 1061490481}
  m_LocalRotation: {x: 0, y: .00436330959, z: 0, w: .999990523}
  m_LocalPosition: {x: -.308444679, y: 11.8279037, z: .290108472}
  m_LocalScale: {x: .03125, y: 28, z: .03125}
  m_Children: []
  m_Father: {fileID: 450493379}
--- !u!1 &1124897297
GameObject:
  m_ObjectHideFlags: 0
  m_PrefabParentObject: {fileID: 0}
  m_PrefabInternal: {fileID: 0}
  serializedVersion: 4
  m_Component:
  - 4: {fileID: 1124897299}
  - 108: {fileID: 1124897298}
  m_Layer: 0
  m_Name: Point light
  m_TagString: Untagged
  m_Icon: {fileID: 0}
  m_NavMeshLayer: 0
  m_StaticEditorFlags: 0
  m_IsActive: 1
--- !u!108 &1124897298
Light:
  m_ObjectHideFlags: 0
  m_PrefabParentObject: {fileID: 0}
  m_PrefabInternal: {fileID: 0}
  m_GameObject: {fileID: 1124897297}
  m_Enabled: 1
  serializedVersion: 3
  m_Type: 2
  m_Color: {r: .705882311, g: 1, b: .975659192, a: 1}
  m_Intensity: .479999989
  m_Range: 100
  m_SpotAngle: 30
  m_CookieSize: 10
  m_Shadows:
    m_Type: 0
    m_Resolution: -1
    m_Strength: 1
    m_Bias: .0500000007
    m_Softness: 4
    m_SoftnessFade: 1
  m_Cookie: {fileID: 0}
  m_DrawHalo: 0
  m_ActuallyLightmapped: 0
  m_Flare: {fileID: 0}
  m_RenderMode: 0
  m_CullingMask:
    serializedVersion: 2
    m_Bits: 4294967295
  m_Lightmapping: 1
  m_ShadowSamples: 1
  m_ShadowRadius: 0
  m_ShadowAngle: 0
  m_IndirectIntensity: 1
  m_AreaSize: {x: 1, y: 1}
--- !u!4 &1124897299
Transform:
  m_ObjectHideFlags: 0
  m_PrefabParentObject: {fileID: 0}
  m_PrefabInternal: {fileID: 0}
  m_GameObject: {fileID: 1124897297}
  m_LocalRotation: {x: 0, y: .00436330959, z: 0, w: .999990523}
  m_LocalPosition: {x: -.00179847283, y: 22.3714428, z: -.206084549}
  m_LocalScale: {x: .0078125, y: 1, z: .0078125}
  m_Children: []
  m_Father: {fileID: 450493379}
--- !u!1 &1271562586
GameObject:
  m_ObjectHideFlags: 0
  m_PrefabParentObject: {fileID: 0}
  m_PrefabInternal: {fileID: 0}
  serializedVersion: 4
  m_Component:
  - 4: {fileID: 1271562590}
  - 33: {fileID: 1271562589}
  - 65: {fileID: 1271562588}
  - 23: {fileID: 1271562587}
  m_Layer: 0
  m_Name: Cube
  m_TagString: Untagged
  m_Icon: {fileID: 0}
  m_NavMeshLayer: 0
  m_StaticEditorFlags: 0
  m_IsActive: 1
--- !u!23 &1271562587
Renderer:
  m_ObjectHideFlags: 0
  m_PrefabParentObject: {fileID: 0}
  m_PrefabInternal: {fileID: 0}
  m_GameObject: {fileID: 1271562586}
  m_Enabled: 1
  m_CastShadows: 1
  m_ReceiveShadows: 1
  m_LightmapIndex: 255
  m_LightmapTilingOffset: {x: 1, y: 1, z: 0, w: 0}
  m_Materials:
  - {fileID: 10302, guid: 0000000000000000f000000000000000, type: 0}
  m_SubsetIndices: 
  m_StaticBatchRoot: {fileID: 0}
  m_UseLightProbes: 0
  m_LightProbeAnchor: {fileID: 0}
  m_ScaleInLightmap: 1
  m_SortingLayer: 0
  m_SortingOrder: 0
  m_SortingLayerID: 0
--- !u!65 &1271562588
BoxCollider:
  m_ObjectHideFlags: 0
  m_PrefabParentObject: {fileID: 0}
  m_PrefabInternal: {fileID: 0}
  m_GameObject: {fileID: 1271562586}
  m_Material: {fileID: 0}
  m_IsTrigger: 0
  m_Enabled: 1
  serializedVersion: 2
  m_Size: {x: 1, y: 1, z: 1}
  m_Center: {x: 0, y: 0, z: 0}
--- !u!33 &1271562589
MeshFilter:
  m_ObjectHideFlags: 0
  m_PrefabParentObject: {fileID: 0}
  m_PrefabInternal: {fileID: 0}
  m_GameObject: {fileID: 1271562586}
  m_Mesh: {fileID: 10202, guid: 0000000000000000e000000000000000, type: 0}
--- !u!4 &1271562590
Transform:
  m_ObjectHideFlags: 0
  m_PrefabParentObject: {fileID: 0}
  m_PrefabInternal: {fileID: 0}
  m_GameObject: {fileID: 1271562586}
  m_LocalRotation: {x: 0, y: .00436330959, z: 0, w: .999990523}
  m_LocalPosition: {x: .220653698, y: 11.8279037, z: -.292271346}
  m_LocalScale: {x: .03125, y: 28, z: .03125}
  m_Children: []
  m_Father: {fileID: 450493379}
--- !u!1 &1280010847
GameObject:
  m_ObjectHideFlags: 0
  m_PrefabParentObject: {fileID: 100000, guid: f98b4e709dd1bdd4bb1a030085ea073c, type: 2}
  m_PrefabInternal: {fileID: 1541221840}
  serializedVersion: 4
  m_Component:
  - 4: {fileID: 1280010852}
  - 20: {fileID: 1280010851}
  - 124: {fileID: 1280010850}
  - 92: {fileID: 1280010849}
  - 81: {fileID: 1280010848}
  - 114: {fileID: 1280010853}
  m_Layer: 0
  m_Name: Camera
  m_TagString: Untagged
  m_Icon: {fileID: 0}
  m_NavMeshLayer: 0
  m_StaticEditorFlags: 0
  m_IsActive: 1
--- !u!81 &1280010848
AudioListener:
  m_ObjectHideFlags: 0
  m_PrefabParentObject: {fileID: 8100000, guid: f98b4e709dd1bdd4bb1a030085ea073c,
    type: 2}
  m_PrefabInternal: {fileID: 1541221840}
  m_GameObject: {fileID: 1280010847}
  m_Enabled: 0
--- !u!92 &1280010849
Behaviour:
  m_ObjectHideFlags: 0
  m_PrefabParentObject: {fileID: 9200000, guid: f98b4e709dd1bdd4bb1a030085ea073c,
    type: 2}
  m_PrefabInternal: {fileID: 1541221840}
  m_GameObject: {fileID: 1280010847}
  m_Enabled: 1
--- !u!124 &1280010850
Behaviour:
  m_ObjectHideFlags: 0
  m_PrefabParentObject: {fileID: 12400000, guid: f98b4e709dd1bdd4bb1a030085ea073c,
    type: 2}
  m_PrefabInternal: {fileID: 1541221840}
  m_GameObject: {fileID: 1280010847}
  m_Enabled: 1
--- !u!20 &1280010851
Camera:
  m_ObjectHideFlags: 0
  m_PrefabParentObject: {fileID: 2000000, guid: f98b4e709dd1bdd4bb1a030085ea073c,
    type: 2}
  m_PrefabInternal: {fileID: 1541221840}
  m_GameObject: {fileID: 1280010847}
  m_Enabled: 1
  serializedVersion: 2
  m_ClearFlags: 1
  m_BackGroundColor: {r: .192156866, g: .301960796, b: .474509805, a: .0196078438}
  m_NormalizedViewPortRect:
    serializedVersion: 2
    x: 0
    y: .5
    width: .5
    height: .5
  near clip plane: .300000012
  far clip plane: 1000
  field of view: 60
  orthographic: 0
  orthographic size: 5
  m_Depth: 0
  m_CullingMask:
    serializedVersion: 2
    m_Bits: 4294959615
  m_RenderingPath: -1
  m_TargetTexture: {fileID: 0}
  m_HDR: 0
  m_OcclusionCulling: 1
--- !u!4 &1280010852
Transform:
  m_ObjectHideFlags: 0
  m_PrefabParentObject: {fileID: 400000, guid: f98b4e709dd1bdd4bb1a030085ea073c, type: 2}
  m_PrefabInternal: {fileID: 1541221840}
  m_GameObject: {fileID: 1280010847}
  m_LocalRotation: {x: 0, y: 0, z: 0, w: 1}
  m_LocalPosition: {x: 0, y: 0, z: -.0955572128}
  m_LocalScale: {x: 1, y: 1, z: 1}
  m_Children: []
  m_Father: {fileID: 186120898}
--- !u!114 &1280010853
MonoBehaviour:
  m_ObjectHideFlags: 0
  m_PrefabParentObject: {fileID: 11400006, guid: f98b4e709dd1bdd4bb1a030085ea073c,
    type: 2}
  m_PrefabInternal: {fileID: 1541221840}
  m_GameObject: {fileID: 1280010847}
  m_Enabled: 0
  m_EditorHideFlags: 0
  m_Script: {fileID: 11500000, guid: 7a0fdc8e6ae4cec4f8caa91296edf65b, type: 3}
  m_Name: 
  m_EditorClassIdentifier: 
  score: 0
  image: {fileID: 2800000, guid: aa0c0127e82801b46b2db0cd9f7c2701, type: 3}
  background: {fileID: 2800000, guid: 80485777acde4b64e82d26ce6c84c4e2, type: 3}
--- !u!1 &1306342420
GameObject:
  m_ObjectHideFlags: 0
  m_PrefabParentObject: {fileID: 0}
  m_PrefabInternal: {fileID: 0}
  serializedVersion: 4
  m_Component:
  - 4: {fileID: 1306342422}
  - 108: {fileID: 1306342421}
  m_Layer: 0
  m_Name: Point light
  m_TagString: Untagged
  m_Icon: {fileID: 0}
  m_NavMeshLayer: 0
  m_StaticEditorFlags: 0
  m_IsActive: 1
--- !u!108 &1306342421
Light:
  m_ObjectHideFlags: 0
  m_PrefabParentObject: {fileID: 0}
  m_PrefabInternal: {fileID: 0}
  m_GameObject: {fileID: 1306342420}
  m_Enabled: 1
  serializedVersion: 3
  m_Type: 2
  m_Color: {r: 1, g: .720588207, b: .720588207, a: 1}
  m_Intensity: .479999989
  m_Range: 100
  m_SpotAngle: 30
  m_CookieSize: 10
  m_Shadows:
    m_Type: 0
    m_Resolution: -1
    m_Strength: 1
    m_Bias: .0500000007
    m_Softness: 4
    m_SoftnessFade: 1
  m_Cookie: {fileID: 0}
  m_DrawHalo: 0
  m_ActuallyLightmapped: 0
  m_Flare: {fileID: 0}
  m_RenderMode: 0
  m_CullingMask:
    serializedVersion: 2
    m_Bits: 4294967295
  m_Lightmapping: 1
  m_ShadowSamples: 1
  m_ShadowRadius: 0
  m_ShadowAngle: 0
  m_IndirectIntensity: 1
  m_AreaSize: {x: 1, y: 1}
--- !u!4 &1306342422
Transform:
  m_ObjectHideFlags: 0
  m_PrefabParentObject: {fileID: 0}
  m_PrefabInternal: {fileID: 0}
  m_GameObject: {fileID: 1306342420}
  m_LocalRotation: {x: 0, y: .00436330959, z: 0, w: .999990523}
  m_LocalPosition: {x: .00116389897, y: 22.3714428, z: .133369595}
  m_LocalScale: {x: .0078125, y: 1, z: .0078125}
  m_Children: []
  m_Father: {fileID: 450493379}
--- !u!1 &1322084705
GameObject:
  m_ObjectHideFlags: 0
  m_PrefabParentObject: {fileID: 100000, guid: e55685d1d1fcb104e8b1b96d6280eb5f, type: 2}
  m_PrefabInternal: {fileID: 902248570}
  serializedVersion: 4
  m_Component:
  - 4: {fileID: 1322084707}
  - 114: {fileID: 1322084706}
  m_Layer: 0
  m_Name: TheMaster
  m_TagString: Untagged
  m_Icon: {fileID: 0}
  m_NavMeshLayer: 0
  m_StaticEditorFlags: 0
  m_IsActive: 1
--- !u!114 &1322084706
MonoBehaviour:
  m_ObjectHideFlags: 0
  m_PrefabParentObject: {fileID: 11400000, guid: e55685d1d1fcb104e8b1b96d6280eb5f,
    type: 2}
  m_PrefabInternal: {fileID: 902248570}
  m_GameObject: {fileID: 1322084705}
  m_Enabled: 1
  m_EditorHideFlags: 0
  m_Script: {fileID: 11500000, guid: 103f9bf730ee51e4aa8c2ead5e94c595, type: 3}
  m_Name: 
  m_EditorClassIdentifier: 
--- !u!4 &1322084707
Transform:
  m_ObjectHideFlags: 0
  m_PrefabParentObject: {fileID: 400000, guid: e55685d1d1fcb104e8b1b96d6280eb5f, type: 2}
  m_PrefabInternal: {fileID: 902248570}
  m_GameObject: {fileID: 1322084705}
  m_LocalRotation: {x: 0, y: 0, z: 0, w: 1}
  m_LocalPosition: {x: -10.5919762, y: .5, z: 7.66268635}
  m_LocalScale: {x: 1, y: 1, z: 1}
  m_Children: []
  m_Father: {fileID: 0}
--- !u!1 &1360966443
GameObject:
  m_ObjectHideFlags: 0
  m_PrefabParentObject: {fileID: 0}
  m_PrefabInternal: {fileID: 0}
  serializedVersion: 4
  m_Component:
  - 4: {fileID: 1360966447}
  - 33: {fileID: 1360966446}
  - 135: {fileID: 1360966445}
  - 23: {fileID: 1360966444}
  m_Layer: 0
  m_Name: Sphere
  m_TagString: Untagged
  m_Icon: {fileID: 0}
  m_NavMeshLayer: 0
  m_StaticEditorFlags: 0
  m_IsActive: 1
--- !u!23 &1360966444
Renderer:
  m_ObjectHideFlags: 0
  m_PrefabParentObject: {fileID: 0}
  m_PrefabInternal: {fileID: 0}
  m_GameObject: {fileID: 1360966443}
  m_Enabled: 1
  m_CastShadows: 1
  m_ReceiveShadows: 1
  m_LightmapIndex: 255
  m_LightmapTilingOffset: {x: 1, y: 1, z: 0, w: 0}
  m_Materials:
  - {fileID: 10302, guid: 0000000000000000f000000000000000, type: 0}
  m_SubsetIndices: 
  m_StaticBatchRoot: {fileID: 0}
  m_UseLightProbes: 0
  m_LightProbeAnchor: {fileID: 0}
  m_ScaleInLightmap: 1
  m_SortingLayer: 0
  m_SortingOrder: 0
  m_SortingLayerID: 0
--- !u!135 &1360966445
SphereCollider:
  m_ObjectHideFlags: 0
  m_PrefabParentObject: {fileID: 0}
  m_PrefabInternal: {fileID: 0}
  m_GameObject: {fileID: 1360966443}
  m_Material: {fileID: 0}
  m_IsTrigger: 0
  m_Enabled: 1
  serializedVersion: 2
  m_Radius: .5
  m_Center: {x: 0, y: 0, z: 0}
--- !u!33 &1360966446
MeshFilter:
  m_ObjectHideFlags: 0
  m_PrefabParentObject: {fileID: 0}
  m_PrefabInternal: {fileID: 0}
  m_GameObject: {fileID: 1360966443}
  m_Mesh: {fileID: 10207, guid: 0000000000000000e000000000000000, type: 0}
--- !u!4 &1360966447
Transform:
  m_ObjectHideFlags: 0
  m_PrefabParentObject: {fileID: 0}
  m_PrefabInternal: {fileID: 0}
  m_GameObject: {fileID: 1360966443}
  m_LocalRotation: {x: 0, y: 0, z: 0, w: 1}
  m_LocalPosition: {x: -.354938984, y: 0, z: 0}
  m_LocalScale: {x: 5, y: 5, z: 5}
  m_Children: []
  m_Father: {fileID: 0}
--- !u!1001 &1541221840
Prefab:
  m_ObjectHideFlags: 0
  serializedVersion: 2
  m_Modification:
    m_TransformParent: {fileID: 0}
    m_Modifications:
    - target: {fileID: 400002, guid: f98b4e709dd1bdd4bb1a030085ea073c, type: 2}
      propertyPath: m_LocalPosition.x
      value: 15.3959799
      objectReference: {fileID: 0}
    - target: {fileID: 400002, guid: f98b4e709dd1bdd4bb1a030085ea073c, type: 2}
      propertyPath: m_LocalPosition.y
      value: 7.189888
      objectReference: {fileID: 0}
    - target: {fileID: 400002, guid: f98b4e709dd1bdd4bb1a030085ea073c, type: 2}
      propertyPath: m_LocalPosition.z
      value: -16.5213051
      objectReference: {fileID: 0}
    - target: {fileID: 400002, guid: f98b4e709dd1bdd4bb1a030085ea073c, type: 2}
      propertyPath: m_LocalRotation.x
      value: 0
      objectReference: {fileID: 0}
    - target: {fileID: 400002, guid: f98b4e709dd1bdd4bb1a030085ea073c, type: 2}
      propertyPath: m_LocalRotation.y
      value: -.31101054
      objectReference: {fileID: 0}
    - target: {fileID: 400002, guid: f98b4e709dd1bdd4bb1a030085ea073c, type: 2}
      propertyPath: m_LocalRotation.z
      value: 0
      objectReference: {fileID: 0}
    - target: {fileID: 400002, guid: f98b4e709dd1bdd4bb1a030085ea073c, type: 2}
      propertyPath: m_LocalRotation.w
      value: .950406492
      objectReference: {fileID: 0}
    - target: {fileID: 11400000, guid: f98b4e709dd1bdd4bb1a030085ea073c, type: 2}
      propertyPath: guiText
      value: 
      objectReference: {fileID: 0}
    - target: {fileID: 100002, guid: f98b4e709dd1bdd4bb1a030085ea073c, type: 2}
      propertyPath: m_IsActive
      value: 1
      objectReference: {fileID: 0}
    - target: {fileID: 100002, guid: f98b4e709dd1bdd4bb1a030085ea073c, type: 2}
      propertyPath: m_TagString
      value: player3
      objectReference: {fileID: 0}
    - target: {fileID: 11400002, guid: f98b4e709dd1bdd4bb1a030085ea073c, type: 2}
      propertyPath: m_Enabled
      value: 0
      objectReference: {fileID: 0}
    - target: {fileID: 2000000, guid: f98b4e709dd1bdd4bb1a030085ea073c, type: 2}
      propertyPath: m_CullingMask.m_Bits
      value: 4294959615
      objectReference: {fileID: 0}
    - target: {fileID: 11400000, guid: f98b4e709dd1bdd4bb1a030085ea073c, type: 2}
      propertyPath: playerNumber
      value: 3
      objectReference: {fileID: 0}
    - target: {fileID: 100002, guid: f98b4e709dd1bdd4bb1a030085ea073c, type: 2}
      propertyPath: m_Name
      value: p3
      objectReference: {fileID: 0}
    m_RemovedComponents: []
  m_ParentPrefab: {fileID: 100100000, guid: f98b4e709dd1bdd4bb1a030085ea073c, type: 2}
  m_RootGameObject: {fileID: 186120897}
  m_IsPrefabParent: 0
  m_IsExploded: 1
--- !u!1 &2090632914
GameObject:
  m_ObjectHideFlags: 0
  m_PrefabParentObject: {fileID: 0}
  m_PrefabInternal: {fileID: 0}
  serializedVersion: 4
  m_Component:
  - 4: {fileID: 2090632918}
  - 33: {fileID: 2090632917}
  - 65: {fileID: 2090632916}
  - 23: {fileID: 2090632915}
  m_Layer: 0
  m_Name: Cube
  m_TagString: Untagged
  m_Icon: {fileID: 0}
  m_NavMeshLayer: 0
  m_StaticEditorFlags: 0
  m_IsActive: 1
--- !u!23 &2090632915
Renderer:
  m_ObjectHideFlags: 0
  m_PrefabParentObject: {fileID: 0}
  m_PrefabInternal: {fileID: 0}
  m_GameObject: {fileID: 2090632914}
  m_Enabled: 1
  m_CastShadows: 1
  m_ReceiveShadows: 1
  m_LightmapIndex: 255
  m_LightmapTilingOffset: {x: 1, y: 1, z: 0, w: 0}
  m_Materials:
  - {fileID: 10302, guid: 0000000000000000f000000000000000, type: 0}
  m_SubsetIndices: 
  m_StaticBatchRoot: {fileID: 0}
  m_UseLightProbes: 0
  m_LightProbeAnchor: {fileID: 0}
  m_ScaleInLightmap: 1
  m_SortingLayer: 0
  m_SortingOrder: 0
  m_SortingLayerID: 0
--- !u!65 &2090632916
BoxCollider:
  m_ObjectHideFlags: 0
  m_PrefabParentObject: {fileID: 0}
  m_PrefabInternal: {fileID: 0}
  m_GameObject: {fileID: 2090632914}
  m_Material: {fileID: 0}
  m_IsTrigger: 0
  m_Enabled: 1
  serializedVersion: 2
  m_Size: {x: 1, y: 1, z: 1}
  m_Center: {x: 0, y: 0, z: 0}
--- !u!33 &2090632917
MeshFilter:
  m_ObjectHideFlags: 0
  m_PrefabParentObject: {fileID: 0}
  m_PrefabInternal: {fileID: 0}
  m_GameObject: {fileID: 2090632914}
  m_Mesh: {fileID: 10202, guid: 0000000000000000e000000000000000, type: 0}
--- !u!4 &2090632918
Transform:
  m_ObjectHideFlags: 0
  m_PrefabParentObject: {fileID: 0}
  m_PrefabInternal: {fileID: 0}
  m_GameObject: {fileID: 2090632914}
  m_LocalRotation: {x: 0, y: .00436330959, z: 0, w: .999990523}
  m_LocalPosition: {x: -.336238027, y: 11.8279037, z: -.378495246}
  m_LocalScale: {x: .03125, y: 28, z: .03125}
  m_Children: []
  m_Father: {fileID: 450493379}
--- !u!1 &2127195131
GameObject:
  m_ObjectHideFlags: 0
  m_PrefabParentObject: {fileID: 100002, guid: f98b4e709dd1bdd4bb1a030085ea073c, type: 2}
  m_PrefabInternal: {fileID: 976941398}
  serializedVersion: 4
  m_Component:
  - 4: {fileID: 2127195132}
  - 33: {fileID: 2127195137}
  - 23: {fileID: 2127195135}
  - 114: {fileID: 2127195134}
  - 114: {fileID: 2127195133}
  - 54: {fileID: 2127195139}
  - 114: {fileID: 2127195138}
  - 114: {fileID: 2127195141}
  - 136: {fileID: 2127195136}
  m_Layer: 0
  m_Name: p2
  m_TagString: player2
  m_Icon: {fileID: 0}
  m_NavMeshLayer: 0
  m_StaticEditorFlags: 0
  m_IsActive: 1
--- !u!4 &2127195132
Transform:
  m_ObjectHideFlags: 0
  m_PrefabParentObject: {fileID: 400002, guid: f98b4e709dd1bdd4bb1a030085ea073c, type: 2}
  m_PrefabInternal: {fileID: 976941398}
  m_GameObject: {fileID: 2127195131}
  m_LocalRotation: {x: 0, y: -.885493338, z: 0, w: .464652091}
  m_LocalPosition: {x: 8.41332245, y: 7.189888, z: 18.0123844}
  m_LocalScale: {x: 1, y: 1, z: 1}
  m_Children:
  - {fileID: 320309395}
  m_Father: {fileID: 0}
--- !u!114 &2127195133
MonoBehaviour:
  m_ObjectHideFlags: 0
  m_PrefabParentObject: {fileID: 11400000, guid: f98b4e709dd1bdd4bb1a030085ea073c,
    type: 2}
  m_PrefabInternal: {fileID: 976941398}
  m_GameObject: {fileID: 2127195131}
  m_Enabled: 1
  m_EditorHideFlags: 0
  m_Script: {fileID: 11500000, guid: 7d227bfb5b0bc7142ad958df72ee2457, type: 3}
  m_Name: 
  m_EditorClassIdentifier: 
  playerNumber: 2
  camera: {fileID: 320309394}
  bulletPrefab: {fileID: 100000, guid: e87d8f77aa353514cba131fcd4196bc9, type: 2}
--- !u!114 &2127195134
MonoBehaviour:
  m_ObjectHideFlags: 0
  m_PrefabParentObject: {fileID: 11400002, guid: f98b4e709dd1bdd4bb1a030085ea073c,
    type: 2}
  m_PrefabInternal: {fileID: 976941398}
  m_GameObject: {fileID: 2127195131}
  m_Enabled: 0
  m_EditorHideFlags: 0
  m_Script: {fileID: 11500000, guid: a398ce46132058d4a94538d497ec47e7, type: 3}
  m_Name: 
  m_EditorClassIdentifier: 
--- !u!23 &2127195135
Renderer:
  m_ObjectHideFlags: 0
  m_PrefabParentObject: {fileID: 2300000, guid: f98b4e709dd1bdd4bb1a030085ea073c,
    type: 2}
  m_PrefabInternal: {fileID: 976941398}
  m_GameObject: {fileID: 2127195131}
  m_Enabled: 1
  m_CastShadows: 1
  m_ReceiveShadows: 1
  m_LightmapIndex: 255
  m_LightmapTilingOffset: {x: 1, y: 1, z: 0, w: 0}
  m_Materials:
  - {fileID: 10302, guid: 0000000000000000f000000000000000, type: 0}
  m_SubsetIndices: 
  m_StaticBatchRoot: {fileID: 0}
  m_UseLightProbes: 0
  m_LightProbeAnchor: {fileID: 0}
  m_ScaleInLightmap: 1
  m_SortingLayer: 0
  m_SortingOrder: 0
  m_SortingLayerID: 0
--- !u!136 &2127195136
CapsuleCollider:
  m_ObjectHideFlags: 0
  m_PrefabParentObject: {fileID: 13600000, guid: f98b4e709dd1bdd4bb1a030085ea073c,
    type: 2}
  m_PrefabInternal: {fileID: 976941398}
  m_GameObject: {fileID: 2127195131}
  m_Material: {fileID: 0}
  m_IsTrigger: 0
  m_Enabled: 1
  m_Radius: 1.5
  m_Height: 8
  m_Direction: 1
  m_Center: {x: -1.66890335, y: -2.40157485, z: -1.90651226}
--- !u!33 &2127195137
MeshFilter:
  m_ObjectHideFlags: 0
  m_PrefabParentObject: {fileID: 3300000, guid: f98b4e709dd1bdd4bb1a030085ea073c,
    type: 2}
  m_PrefabInternal: {fileID: 976941398}
  m_GameObject: {fileID: 2127195131}
  m_Mesh: {fileID: 4300000, guid: 17bdb0aba0174a14f9597e41e55489ff, type: 3}
--- !u!114 &2127195138
MonoBehaviour:
  m_ObjectHideFlags: 0
  m_PrefabParentObject: {fileID: 11400004, guid: f98b4e709dd1bdd4bb1a030085ea073c,
    type: 2}
  m_PrefabInternal: {fileID: 976941398}
  m_GameObject: {fileID: 2127195131}
  m_Enabled: 1
  m_EditorHideFlags: 0
  m_Script: {fileID: 11500000, guid: b5ff7a40da944f249a4a0663b6aeebcf, type: 3}
  m_Name: 
  m_EditorClassIdentifier: 
  movementSpeed: 20
  rotationSpeed: 4
--- !u!54 &2127195139
Rigidbody:
  m_ObjectHideFlags: 0
  m_PrefabParentObject: {fileID: 5400000, guid: f98b4e709dd1bdd4bb1a030085ea073c,
    type: 2}
  m_PrefabInternal: {fileID: 976941398}
  m_GameObject: {fileID: 2127195131}
  serializedVersion: 2
  m_Mass: 1
  m_Drag: 1
  m_AngularDrag: 5
  m_UseGravity: 1
  m_IsKinematic: 0
  m_Interpolate: 0
  m_Constraints: 80
  m_CollisionDetection: 0
--- !u!114 &2127195141
MonoBehaviour:
  m_ObjectHideFlags: 0
  m_PrefabParentObject: {fileID: 11400008, guid: f98b4e709dd1bdd4bb1a030085ea073c,
    type: 2}
  m_PrefabInternal: {fileID: 976941398}
  m_GameObject: {fileID: 2127195131}
  m_Enabled: 1
  m_EditorHideFlags: 0
  m_Script: {fileID: 11500000, guid: 7a0fdc8e6ae4cec4f8caa91296edf65b, type: 3}
  m_Name: 
  m_EditorClassIdentifier: 
  score: 0
  image: {fileID: 2800000, guid: aa0c0127e82801b46b2db0cd9f7c2701, type: 3}
  background: {fileID: 2800000, guid: 80485777acde4b64e82d26ce6c84c4e2, type: 3}
